2130 4130
250 462 324 543 304
369 498 372 503 -
438 436 444 443 '
497 436 610 542 Con
636 432 715 525 1111.
771 468 774 479 ·

194 588 269 685 fit,
290 584 441 671 debeat
460 582 553 669 fieri
570 580 680 673 intra
693 578 840 667 adium
851 584 973 671 Sam·

194 704 381 793 mentalis
400 698 682 811 poenitentioe',
697 700 746 783 ut
763 700 902 787 etiam
913 731 973 789 no

196 838 261 909 ut
288 820 498 906 Pichlerl.
520 819 585 907 cit.
609 852 652 909 n
672 842 764 922 27.·
759 816 841 927 θ’
879 820 972 910 Zetl

198 970 238 1029 n
248 952 348 1054 38²·
375 938 490 1023 llam
509 952 649 1020 autem
665 928 779 1042 posse
802 936 896 1023 dari
913 938 974 1023 eti

198 1084 268 1143 am
281 1072 394 1142 extra
423 1048 735 1138 Confeffionem
754 1052 975 1143 sacramen·

147 1206 150 1211 ·
142 1178 345 1277 .,talem
365 1171 544 1315 diximus
559 1170 677 1276 supra
687 1194 806 1255 num.
826 1194 926 1271 225.

178 1282 620 1546 pl
409 1284 975 1523 ...ὼ

196 1528 314 1638 quod
347 1524 694 1634 impedimentum
712 1526 968 1611 contraeunt

196 1644 279 1747 est,
295 1666 337 1731 v
349 1672 403 1757 g.-
397 1643 498 1728 s11n
510 1641 656 1727 eadem
676 1640 813 1725 domo
838 1658 975 1729 teneat

195 1766 278 1846 suae
304 1760 511 1865 putatitiae
539 1756 730 1870 conjugit
753 1760 978 1863 sororem,

193 1902 294 1964 cum
310 1900 402 1987 qua
407 1877 613 1985 peccavit,
641 1876 793 1963 debeat
811 1878 978 1963 Confes-

193 1994 319 2081 sarius
331 2012 555 2104 antequam
575 1992 785 2102 dispenset
787 1993 843 2077 illi
861 2022 979 2081 man
1012 2002 1014 2055 ἓ

197 2116 324 2215 dare,
347 2128 397 2196 ut
422 2112 676 2198 occafionem
698 2110 978 2222 proximam.»

194 2230 333 2332 tollat,
356 2230 423 2313 vel
437 2230 547 2313 illam
567 2231 737 2315 edomo
752 2228 976 2335 ejiciendo,

193 2350 263 2433 vel
276 2349 394 2432 aliter
410 2346 597 2459 agendo,
619 2366 670 2434 ut
680 2344 804 2435 cesset
816 2348 976 2457 peticu-

196 2468 282 2550 lum
303 2466 543 2573 proximum
570 2464 767 2577 relapsus
780 2468 786 2481 ’
826 2466 888 2553 La
906 2470 973 2553 Cr.

192 2612 284 2700 ρ
282 2608 353 2697 57
374 2608 472 2667 cum
494 2586 640 2669 Gobat
676 2583 716 2669 dt
747 2582 973 2671 K'rimer.

193 2704 303 2787 ltem
331 2698 446 2788 Reiff
475 2730 515 2789 n.
538 2699 645 2835 462.
681 2700 793 2787 lilbel
812 2730 853 2787 n.
874 2728 972 2815 510

193 2818 374 2929 Kazenp.
392 2832 433 2907 η.
478 2846 545 2933 03
573 2817 646 2925 qui
669 2818 795 2901 etiam
820 2834 974 2905 notant

191 2937 408 3036 clausulam
422 2846 545 3022 de
517 2934 699 3021 tollenda
729 2936 974 3037 occasione,

191 3054 363 3168 intelligi
380 3056 433 3139 de
443 3058 654 3142 occasione
665 3052 871 3166 proxima,
885 3080 974 3140 non

190 3172 245 3256 de
266 3190 440 3261 remote.

91 3296 188 3381 308.
274 3284 372 3391 svb.
400 3290 566 3376 Peracta
586 3291 664 3377 rite
685 3282 974 3392 Conseffioue¹

191 3407 439 3512 poenitentia
470 3405 722 3525 injungenda
751 3406 812 3496 est
841 3424 974 3513 prout

190 3526 431 3612 taxaturseu
451 3528 765 3637 prescribitur&
784 3528 824 3613 S.
835 3524 971 3609 Poeni-

826 3658 919 3719 teti·
