2146 3698
277 187 357 278 '252
529 173 642 279 Caput
668 175 715 257 X.

193 298 198 307 ¹
228 346 303 431 gua
323 315 506 420 Moralis,
534 321 598 402 uti
618 321 759 434 Laym.
777 342 858 439 cap.
867 348 909 427 7.
941 338 1011 410 aut

195 458 199 469 '
227 441 378 522 Bonae.
407 438 474 520 vel
498 435 630 539 Reiffi,
653 440 841 527 Busemb.
874 440 916 526 dt
944 448 1011 527 hu·

226 552 425 659 jusmodi.
641 580 646 589 ·
1043 588 1049 727 p

314 671 357 756 si
377 684 519 754 autem
539 686 693 781 votum
710 698 796 757 non
814 676 866 760 fit
885 675 1009 762 irrita·

228 786 383 891 bile,&
402 789 453 871 fit
469 789 746 895 reservatum,
758 799 1008 905 petatdrquc
1045 784 1048 797 ’

229 908 318 1012 ejus
332 902 576 1014 dispensatio
601 926 675 992 aut
702 914 1009 1013 commutatio,

228 1027 528 1132 recurrendum
548 1024 628 1107 erit
658 1051 739 1130 pro
761 1030 909 1114 eadem
936 1033 1010 1127 Ro

227 1139 458 1254 mam(nis1
483 1142 615 1253 gravis
637 1157 783 1255 urgeat
802 1142 1012 1232 necassitat
1044 1226 1047 1233 .

227 1264 268 1348 ἃ
291 1261 522 1373 periculum
535 1261 584 1343 lit
601 1259 643 1343 in
663 1264 805 1380 mora)
825 1262 1010 1350 &detali

170 1388 189 1467 .’
227 1379 395 1465 recursu
432 1378 673 1464 informatio
705 1383 780 1466 suo
818 1386 917 1466 loco
945 1380 1010 1463 da·

227 1496 353 1577 bitur.

123 1636 221 1729 258.
317 1599 395 1711 ttd.
424 1607 466 1690 Si
480 1622 622 1690 autern
644 1611 923 1720 cognoscatur
938 1602 1008 1701 vo-
1033 1612 1047 1715 ,ἵ

229 1744 325 1814 tum
343 1751 430 1810 non
448 1719 525 1807 effe
548 1726 663 1811 Para
677 1731 1007 1827 reservatum-n,

226 1844 523 1952 dispiciendum
543 1845 642 1945 erit,
671 1873 722 1928 an
743 1846 945 1943 habeatur
953 1849 1009 1953 ju·

210 1963 286 2047 -sta
314 1965 429 2046 causa
459 1961 764 2066 dispensationis
792 1962 857 2042 vel
894 1992 1009 2049 com·

225 2079 469 2169 mutationis
497 2079 700 2181 faciendae.
765 2076 910 2160 Solent
942 2108 1009 2167 au·

224 2218 317 2283 tem
334 2218 518 2306 quatuor
553 2195 782 2307 generatim
809 2197 936 2280 causae
959 2198 1006 2281 ad

226 2318 543 2422 dispensandum
571 2310 764 2422 assignari.
823 2314 886 2394 ut
914 2307 1006 2402 υπὸ.

135 2446 138 2453 ’
182 2464 184 2469 ⁴
222 2431 462 2536 imperfecta
481 2427 722 2510 deliberatio
742 2427 784 2508 in
794 2433 1005 2517 vovendo.

222 2575 269 2633 v.
282 2575 322 2663 g.
350 2545 451 2626 dum
470 2541 561 2650 quis
574 2544 618 2628 in
638 2560 757 2626 aetate
768 2547 917 2651 puerili
936 2566 1005 2632 vo'

81 2756 87 2769 ,
184 2665 308 2765 uit,
337 2662 404 2747 vel
421 2687 469 2745 ex
485 2676 633 2765 metu,
654 2659 725 2744 &o
786 2688 824 2747 2.
856 2665 1005 2777 Magna

226 2777 442 2865 difficultas
475 2776 703 2888 exequendi
733 2796 894 2863 votum.
969 2807 1004 2882 3.

78 2944 82 2952 ·
224 2898 420 2984 Notabile
440 2898 637 2982 damnum
663 2895 729 2982 vel
755 2902 1005 3004 temporale,

222 3020 291 3105 vel
324 3016 526 3125 spirituale
554 3043 599 3103 v.
615 3048 656 3134 g.
674 3017 1005 3124 scrupulorum

222 3134 433 3233 molestia,
461 3133 533 3218 &c
555 3134 764 3218 occasione
791 3134 883 3223 voti
911 3161 1007 3243 pro·

272 3253 410 3344 nient·
437 3279 484 3358 4.
508 3254 673 3339 Bonum
691 3275 916 3335 commune
935 3257 1005 3338 Eo

871 3368 946 3452 cle-
