2130 4130
234 567 288 639 60
329 575 331 579 ’
473 553 581 655 Carae
603 544 666 633 W.

182 700 310 799 carie,
337 697 376 782 &
400 696 703 805 dispensationis
725 695 746 779 i
771 692 984 791 Censurir

187 815 226 900 ei
245 816 441 899 convenit
458 842 534 922 per
551 815 662 900 viam
684 811 984 898 communica-

166 930 312 1017 ·tionis
328 958 427 1016 cum
440 937 513 1018 ΡΡ.
527 930 821 1031 carthufianis,
847 928 986 1032 juxta

186 1066 377 1133 tenorem
400 1052 630 1150 Eulaeum,
659 1049 732 1132 &a
790 1049 859 1131 De
880 1047 986 1133 Pri-

187 1167 329 1252 oribus
349 1166 518 1252 videtur
536 1165 579 1249 id
599 1165 731 1272 ipsum
749 1164 971 1269 insinuari,

183 1286 326 1371 eadem
355 1281 462 1368 Part.
495 1314 535 1397 3.
569 1303 649 1398 rap.
673 1314 713 1396 ρ.
748 1282 791 1369 in
813 1281 971 1396 princi·

177 1399 267 1515 pio,
297 1397 368 1484 ubi
395 1399 573 1484 dicitur:
601 1400 661 1485 ad
677 1399 768 1513 ipsos
783 1396 971 1511 pertinet

170 1516 279 1628 scire
300 1508 408 1603 clari
425 1511 638 1633 &plenh
665 1540 847 1629 quanam
875 1513 970 1602 Pri-

92 1696 97 1705 ·
183 1632 367 1749 vilegia‚
398 1626 449 1739 ὅ
459 1622 864 1758 potestatembabeat
884 1630 970 1721 Or·

184 1748 233 1831 do
254 1743 408 1879 nostem·
428 1750 640 1854 prasertim
678 1750 723 1833 in
756 1740 971 1861 absolutio·

185 1851 301 1947 nibus
331 1853 758 1973 &dispensationibua
816 1866 863 1949 ld
895 1893 968 1952 au·

185 1995 276 2061 tem
297 1975 443 2083 utique
464 1975 508 2060 in
535 1976 663 2061 finem
687 1981 833 2065 utendi
857 1981 939 2069 illis
951 2046 969 2087 ,

185 2094 252 2177 vel
276 2118 352 2200 per
375 2095 432 2194 se,
461 2094 526 2178 vel
544 2121 621 2204 per
645 2096 743 2180 alios
765 2098 965 2206 depuran·

184 2209 272 2293 dos.
330 2210 408 2294 ch
422 2211 547 2295 etiam
571 2215 825 2317 notandum,
844 2218 968 2321 quud

183 2324 226 2412 in
251 2323 489 2429 hujusmodi
515 2331 686 2411 materia
710 2331 894 2433 superior
920 2333 969 2417 id

181 2441 308 2554 pollit
338 2446 443 2531 circa
474 2448 540 2547 se,
568 2445 687 2555 quod
715 2443 821 2529 circa
851 2441 970 2532 alios.

184 2565 244 2645 Ex
264 2560 440 2682 Capfin.
467 2563 549 2648 Tit.
571 2562 622 2650 de
640 2559 783 2649 Pania
811 2554 862 2668 θ’
884 2560 968 2649 Re-

180 2670 331 2803 ·rnrff&
345 2704 394 2759 ex
412 2679 626 2762 communi
644 2679 768 2763 docet
786 2678 967 2793 Hertzig

184 2817 228 2874 aa
251 2790 371 2875 Man.
401 2790 512 2899 Conf.
534 2791 643 2874 Part.
665 2818 701 2876 1.
735 2794 967 2906 num.165.

184 2904 309 2986 Unde
332 2899 472 3007 potest
495 2903 682 3009 superior
712 2906 784 2990 srbi
813 2908 968 3019 eligere

183 3018 254 3103 seu
280 3020 479 3128 deputare
515 3013 843 3125 Consularium,
884 3054 968 3134 per

182 3139 346 3247 quemi
364 3138 577 3241 reservatis
596 3142 837 3225 absolvatur.
962 3228 966 3233 ,

87 3278 153 3361 ς7.
269 3254 513 3365 Suppriorer
532 3275 674 3341 autem
692 3257 968 3371 (regulariter

181 3370 421 3484 loquendo)
442 3398 528 3459 non
557 3373 741 3485 gaudent
774 3378 966 3483 ampla.»

180 3486 385 3593 ejusmodi
413 3489 703 3594 juriuiuione.
760 3493 870 3577 Bene
890 3518 969 3589 ve*

180 3610 229 3693 τὸ
248 3608 351 3697 dum
374 3609 507 3699 Priori
524 3627 726 3715 mortuo,
754 3610 823 3699 vel
846 3634 969 3703 arno·

182 3742 185 3747 ·
830 3741 907 3830 to,-
