2130 4130
243 421 325 507 318
392 430 397 439 ·
510 404 716 512 Appulia.
777 438 781 443 ·

194 576 292 645 tum
314 553 516 669 quatenbs
543 553 750 639 antecedit
772 560 980 663 operatio

51 720 59 729 ·
194 700 297 773 nem
314 690 364 758 ut
381 675 513 758 sensus
531 674 603 757 sat:
631 701 682 755 an
698 673 823 755 liceat
842 699 980 780 opera

196 792 255 895 ri,
282 820 329 878 v.
341 821 383 910 g.
402 791 607 875 absolvere
626 788 692 873 vel
716 789 949 896 dispensare
968 846 979 889 ,

25 1002 28 1007 ,
197 928 249 997 ert
265 909 466 1017 opinione
487 907 753 1014 probabiliter
774 907 978 1011 docente,

195 1021 326 1113 adelst
365 1027 417 1110 ad
454 1030 538 1112 hoc
573 1020 872 1134 Privilegium?
910 1026 979 1114 &c

195 1144 309 1230 Tum
325 1143 473 1228 deinde
494 1142 695 1252 quatenbs
708 1140 978 1250 probabilitas

194 1267 234 1346 se
264 1265 389 1346 habet
415 1264 714 1370 consequenter
741 1253 782 1345 ἃ
806 1256 978 1366 posthu-

79 1480 83 1491 .
194 1384 286 1476 me,
326 1379 383 1464 iti
408 1400 457 1465 ut
487 1376 582 1488 post
608 1376 976 1486 operationemsa·

193 1498 319 1599 tiam,
346 1525 392 1583 v.
399 1529 440 1616 g.
465 1499 604 1583 datam
633 1494 976 1603 dispensationem

193 1612 401 1698 dubitatio
415 1614 665 1716 suboriatur,
692 1641 743 1696 an
762 1611 901 1698 valida
926 1612 974 1695 fit

190 1727 399 1827 eiusmodi
422 1733 664 1839 dispensatio
686 1730 784 1814 data
812 1727 973 1835 juxta..

188 1845 431 1928 sententiam
453 1844 740 1953 probabilem?

88 1989 184 2067 323.
276 1964 425 2048 Rursus
439 1965 544 2049 bene*
559 1961 843 2075 distinguenda
861 1958 975 2046 estin

190 2077 602 2181 ejusmodidubiisac
615 2078 974 2190 probabilitatibm

188 2191 530 2415 fissilis?
550 2191 974 2425 alteralteri

187 2432 329 2517 oritur
347 2434 399 2516 de
417 2433 531 2541 lege,
560 2435 628 2518 vel
652 2433 705 2517 de
735 2449 899 2515 mentis
920 2431 974 2513 fa

187 2547 259 2652 ui,
270 2549 335 2633 vel
354 2551 493 2633 valore
506 2550 727 2648 facultatis,
739 2564 814 2633 aut
832 2541 972 2651 aulas,

184 2663 969 2911 rralruutmllllmu

184 2899 369 3009 legitima
393 2903 444 2985 fit
465 2924 633 3008 ,quam
655 2898 838 3008 alioquin
870 2926 968 2985 con·

181 3013 264 3101 stat
280 3011 356 3100 esse
374 3015 609 3105 concessam.
670 3014 858 3124 Qpaestio
875 3016 969 3103 faui

179 3131 242 3218 est
261 3134 363 3219 dum
391 3137 617 3246 ambigitur
633 3135 686 3220 de
709 3130 967 3219 existentias

179 3244 323 3354 actio,
339 3253 429 3337 seu
461 3272 605 3339 utrum
634 3252 785 3360 aliquid
811 3250 969 3337 fabium

181 3371 248 3471 fit,
278 3397 364 3501 aug
365 3398 442 3453 an
459 3371 604 3456 datum
618 3367 905 3480 Privilegium‚
916 3394 968 3455 an

181 3441 361 3572 conceda
388 3489 556 3575 facultas
587 3487 968 3599 dispensandiffn

832 3626 911 3687 vo-
