2130 4130
233 436 312 528 3¹⁶
482 422 594 529 Caput
621 424 699 510 XII.

181 570 239 660 ni.
298 568 410 672 Qna
442 565 531 655 esto
561 570 720 658 crimen
752 564 857 656 aflet
892 571 965 660 fori

179 686 326 790 mixti,
353 688 384 770 fi
400 704 542 775 tamen
562 714 655 775 reus
680 691 702 775 e
725 687 880 795 Judice
896 689 967 798 qui

179 805 401 916 praevenit,
429 804 509 890 fuit
530 809 753 907 absolutus,
785 833 880 891 non
899 833 968 916 po

182 920 264 1010 test
279 919 452 1028 amplibr
483 925 541 1006 ob
559 925 672 1010 idem
691 922 896 1008 delicium
919 928 967 1008 ab

179 1041 260 1126 alio
277 1037 436 1147 puniri,
462 1055 558 1125 tum
581 1067 629 1128 er
651 1038 750 1148 Jure
768 1043 874 1129 Can.
887 1063 967 1174 τε).

179 1184 220 1247 2.
235 1157 285 1242 de
305 1155 468 1269 Except.
481 1158 526 1242 in
544 1156 583 1246 ό.
611 1175 772 1242 rumex
790 1157 841 1247 L.
843 1153 899 1291 fi
904 1185 967 1247 cur

152 1273 329 1364 crimen
339 1300 381 1382 7.
387 1265 453 1400 ff
466 1274 516 1360 de
529 1274 764 1386 accersation.

82 1423 171 1498 32¹·
236 1439 238 1442 >
270 1382 351 1494 arte).
381 1392 708 1493 observandum,
720 1390 842 1499 quod
868 1388 964 1477 Exe-

176 1525 314 1595 cutor.
338 1507 546 1613 ejusmodi
586 1509 821 1594 litterarum
867 1510 964 1595 nihil

176 1621 304 1734 possit
321 1628 482 1740 exigere
499 1693 511 1729 ‚
528 1626 615 1712 imo
632 1654 708 1712 nec
727 1629 880 1734 sponte*
893 1633 965 1712 ob-

175 1744 306 1825 latum
333 1764 572 1849 acceptare,
597 1745 723 1830 etiam
755 1761 962 1851 proetextu

175 1856 349 1959 laboris,
378 1860 446 1942 sed
469 1860 599 1975 gratis
619 1853 771 1971 ubique
797 1861 813 1976 (
835 1859 881 1945 iit
902 1863 963 1947 in·

175 1971 296 2059 scribi
312 1976 415 2060 solet
428 1975 443 2089 )
458 1972 732 2062 ministerium
754 1979 872 2062 suum
892 2005 957 2062 ex·

174 2092 329 2178 hibere.
371 2096 516 2179 Sanch.
541 2084 630 2182 Lib.
661 2092 727 2181 cit.
759 2121 871 2181 num
892 2092 960 2212 64.

174 2209 326 2293 Bonae.
351 2208 417 2296 Tr.
436 2211 486 2295 de
514 2202 650 2326 Legz'b.
674 2211 739 2302 Di
775 2275 785 2296 .
804 2240 842 2298 1.
864 2243 905 2323 q.
919 2238 963 2301 2.

164 2345 234 2442 pu.
257 2351 295 2412 ι.
322 2353 430 2414 num.
452 2352 518 2431 17.
575 2331 717 2415 Lezan.
771 2327 962 2417 λέπρα.

173 2467 283 2530 num.
304 2469 374 2557 34
391 2443 432 2528 br
453 2447 743 2531 communiter.
802 2442 961 2554 Estque

175 2586 223 2645 ea
242 2559 442 2671 obligatio
459 2562 614 2675 gravis3
642 2582 738 2648 tum
751 2561 848 2668 quia
864 2563 961 2647 aliia

173 2676 343 2760 daretur
381 2683 539 2766 Occasio
567 2681 710 2765 multis
739 2679 959 2774 Simoniis3

171 2809 265 2876 tum
300 2792 396 2899 quia
424 2798 527 2893 solet
557 2796 656 2882 huic.
680 2795 960 2904 prohibitioni

170 2906 340 3018 adjungi
356 2936 488 3021 poenaf
509 2913 782 3000 invaliditatis.
840 2913 958 3000 Nihi

167 3029 348 3114 lominbs
375 3031 410 3113 la
436 3037 508 3120 Cr.
533 3023 624 3120 Lib.
649 3061 686 3123 1.
717 3057 828 3119 num.
852 3044 957 3137 817.

168 3172 267 3230 cum
289 3150 432 3232 Sanch.
446 3148 596 3234 Filliuc.
611 3148 651 3233 br
667 3149 814 3234 Diana.
843 3152 957 3233 ltem

169 3261 287 3349 Reiff.
306 3255 395 3354 [Ab.
413 3264 477 3354 cit.
495 3294 604 3354 num.
620 3265 955 3382 321.cumVinc.

170 3379 222 3464 de
238 3379 370 3486 Justis,
384 3381 458 3468 &c
487 3385 659 3486 docent,
690 3383 854 3469 licitum
874 3379 953 3469 else

82 3586 88 3615 Ι
121 3594 125 3601 ,
164 3495 265 3606 post
282 3500 521 3588 mandatam
541 3499 774 3590 executioni
791 3501 954 3610 dispen-

772 3619 898 3698 (atin-
