2130 4130
138 536 199 619 De
214 528 528 641 Despensasionibus
536 530 719 639 ,postue
746 558 824 642 ²73

85 680 276 773 mandati
301 674 530 789 apostotici
558 678 873 789 executionemg

86 800 211 886 fifiat
244 794 540 883 iconfeffario
569 822 658 883 non
674 802 874 907 approba·

84 937 137 1002 to
152 942 228 1025 per
244 914 527 1001 Ordinarium.
585 914 647 999 Iti
672 917 790 1000 Vinc.
817 917 871 1000 de

86 1033 216 1144 justis
240 1022 329 1121 Lib.
350 1060 388 1121 r.
411 1030 460 1119 de
482 1026 709 1156 Dstenstat.
733 1054 815 1148 cap.
828 1046 870 1134 8.

88 1179 197 1242 num.
213 1179 284 1264 99.
314 1146 428 1234 Reifl:
456 1147 500 1235 in
518 1150 692 1262 append
715 1180 755 1237 n.
770 1158 871 1265 4492

85 1294 184 1353 cum
203 1266 346 1349 Sanch.
368 1264 440 1351 &e
469 1266 566 1375 quia
582 1290 709 1350 nemo
728 1262 871 1376 potest

85 1384 218 1473 valide*
249 1382 427 1491 exequi,
455 1381 529 1467 nifi
560 1384 611 1467 fit
646 1389 746 1470 vere
764 1385 871 1469 dele·

85 1519 207 1617 gatus
228 1497 634 1585 tupoenitentieria
848 1556 858 1575 .

173 1611 333 1703 Sufficit
359 1633 500 1698 autem
528 1618 559 1697 fi
589 1614 641 1700 fit
672 1620 871 1725 approba-

86 1750 160 1819 tus
177 1733 229 1816 ab
255 1732 482 1819 Ordinatio·
503 1729 613 1836 ioci,
641 1729 687 1817 in
710 1756 799 1843 quo
816 1733 869 1817 fir

89 1849 282 1934 executio
297 1852 548 1952 litterarum,
577 1848 666 1933 estd
695 1874 783 1941 non
813 1850 870 1934 ei}

86 1968 151 2053 set
185 1970 235 2050 ab
262 1968 487 2053 Ordinatio
517 1968 793 2076 poenitentis,
820 1965 870 2051 dt

87 2082 308 2169 declaravit
341 2088 380 2171 S.
411 2082 727 2194 congregatio,
764 2078 874 2166 teste·

86 2201 154 2286 cit.
171 2203 288 2285 Vinc.
303 2202 355 2286 de
375 2198 517 2308 justu,
544 2199 584 2284 &
605 2196 719 2284 Reiff.
734 2224 784 2285 ex
796 2223 870 2283 eo·

87 2317 197 2403 dem.
233 2402 239 2415 ,
258 2319 382 2404 Ratio
401 2320 528 2405 etiam
548 2311 627 2402 est:
658 2317 754 2426 quia
777 2316 868 2401 talis

87 2459 294 2541 exequens
317 2438 445 2518 debet
474 2433 720 2540 poenitentis
755 2435 868 2517 Cou.

86 2542 305 2635 fessionem
334 2546 508 2653 audire,
537 2551 717 2656 equue
744 2550 867 2633 absol-

86 2693 208 2768 vere,
250 2690 299 2751 ex
325 2664 530 2753 dicendis:
560 2664 612 2749 ad
650 2668 733 2750 hoc
763 2668 867 2777 vero

87 2780 312 2892 requiritur
344 2781 403 2869 &·
430 2780 580 2871 sufficit
618 2785 866 2894 approbatio

89 2900 277 3011 Episcopi
293 2900 384 2989 loci

144 3022 150 3033 '
173 3018 312 3104 Tertia
329 3045 422 3127 pars
436 3020 604 3123 Thefis,
632 3015 973 3129 contineu282,

89 3134 259 3222 tertiam
273 3137 562 3224 conditionem
581 3152 762 3245 exparte
779 3158 868 3218 exe·

87 3255 246 3339 cutoris
268 3254 529 3365 requifitam‚
557 3270 609 3338 ut
622 3255 673 3337 fit
691 3252 715 3337 ὲ
737 3254 871 3337 latore

88 3374 352 3477 litterarum,
385 3375 469 3463 five
496 3372 547 3454 ab
575 3370 760 3457 Oratore
788 3392 870 3478 pro

49 3540 55 3549 -
88 3512 176 3598 quo
199 3491 331 3575 Breve
362 3492 401 3574 S.
421 3487 742 3575 Poenitentiarioe
766 3512 872 3571 ema·
969 3536 972 3541 -

88 3625 236 3693 nattun
257 3602 317 3691 est
334 3608 386 3692 ad
412 3606 705 3717 exequendum
722 3604 872 3711 specia-
1041 3598 1045 3607 '

113 3767 231 3836 Haupt.
250 3767 326 3826 hab.
508 3727 539 3816 s
729 3724 839 3809 xffit
