2130 4130
251 450 331 527 300
479 418 791 525 capum*

199 576 297 654 tant
313 582 455 649 tamen
481 564 638 647 Lezana
669 562 726 653 To
746 590 787 677 3
816 562 867 655 V.
875 526 980 655 litte

198 710 250 771 rae
263 700 476 797 ,nmio
493 680 631 767 Lacr
640 707 753 769 num
772 706 878 795 955.
907 682 981 769 alii·

198 823 306 911 que,
330 800 447 908 quod
463 797 623 904 apertio
643 796 725 881 ota
756 824 850 885 non
873 799 981 886 inve·
1013 848 1015 855 ·

196 918 300 1005 lidet
322 918 494 1019 litteras,
519 914 607 999 &fi
631 914 753 1001 fieret
785 918 843 1001 ab
863 918 1015 1023 ntio,.

196 1036 325 1146 quam
350 1034 402 1117 ad
425 1033 714 1141 exequendum
734 1032 884 1125 eleeto,

97 1182 192 1258 302.
296 1142 793 1251 3tib.ssxecutore1eetus
808 1166 980 1239 moneat

196 1270 456 1369 Oratorem,
478 1285 527 1351 ut
548 1266 704 1353 interea
724 1269 766 1351 se
786 1288 913 1377 paret
932 1268 978 1353 ad

193 1332 527 1473 sacramentalem
548 1380 889 1489 Confeffionem,
913 1388 976 1471 do

194 1530 274 1590 nec
304 1504 389 1613 ipse
427 1502 745 1589 consideraverit
784 1520 974 1589 tenorem

193 1622 425 1709 litterarum
438 1616 975 1729 posteafibiexponendum

193 1739 298 1823 Non
317 1739 430 1823 enim
445 1738 627 1842 expedit,
648 1737 692 1822 itt
712 1736 826 1833 reete*
835 1740 977 1827 adver·

191 1854 248 1939 tit
267 1856 311 1938 P.
330 1853 431 1937 Zeti
472 1854 584 1941 Part.
618 1882 656 1941 2.
676 1883 788 1941 num.
811 1882 874 1969 37
868 1883 913 1969 9.
933 1854 976 1947 in

192 1969 402 2080 presentia
418 1970 605 2057 Oratoris
624 1971 784 2057 litteras
813 1973 972 2081 aperire

192 2087 411 2199 (quamvis
444 2088 487 2173 id
517 2084 657 2175 affierat
690 2090 729 2173 la
747 2095 819 2177 Cr.
862 2117 974 2181 num,

115 2234 121 2249 ·
191 2230 297 2320 977
312 2202 328 2317 )
355 2222 430 2288 aut
447 2205 587 2289 saltem
603 2232 689 2291 non
708 2207 833 2293 debet
850 2204 975 2293 eista-

189 2322 408 2407 timtenor
426 2349 570 2407 earum
601 2325 783 2431 exponi,
796 2322 975 2409 cumso·

190 2440 300 2525 leant
318 2439 532 2525 continere
546 2443 689 2544 multa,
697 2466 790 2551 quae
804 2442 973 2529 ulterio

191 2585 227 2643 rr
215 2553 483 2643 discuffione
501 2558 704 2669 indigent.

87 2694 184 2775 303
305 2664 385 2779 415.
414 2676 556 2760 Debet
582 2694 779 2762 executor
797 2676 969 2789 diiigen-

188 2808 255 2873 ter
288 2792 504 2877 attendere
533 2793 725 2885 clausulas
744 2794 971 2903 rescripti,

184 2909 336 3018 easque
352 2910 538 2993 accurate
556 2911 793 3015 observare,
821 2940 878 2997 ne
902 2938 971 3020 po·

185 3028 316 3111 riculo
349 3025 541 3112 nullitatis
571 3046 751 3138 exponat
774 3028 970 3137 dispense-

184 3145 311 3230 tionis
336 3145 632 3231 executionem.
678 3146 874 3233 claumloe
899 3172 969 3233 au·

89 3284 92 3291 ·
182 3277 274 3346 tem
294 3261 507 3371 proecipuae
519 3264 673 3373 apponi
682 3264 814 3351 solent
827 3262 968 3365 huius-

182 3380 313 3466 modi
351 3380 380 3461 l.
401 3377 642 3489 Discretioni
657 3390 734 3467 tue
751 3380 970 3469 committi·

35 3606 42 3633 Ι
181 3523 297 3601 mus,
315 3491 967 3699 quatenitsfiitbestssckwll.
