2130 4130
284 463 363 550 268
515 450 625 571 Caput
652 452 731 537 XII.

134 592 137 598 ’
232 597 344 708 logia
359 595 427 681 vel
438 591 539 703 Jure
558 595 785 683 Canonico.
828 580 907 696 etl.
926 594 1022 682 Nisl

232 719 315 802 fint
340 713 457 821 lsun
474 713 609 797 ,Patre
631 711 848 814 Generali‚
877 715 944 797 vel
966 714 1014 798 de
1055 802 1057 807 ,

233 832 323 935 eius
342 829 525 934 licentia,
554 835 605 915 ab
625 831 704 916 alio
717 827 943 936 superiore
964 830 1012 917 ad

199 951 277 1037 id
294 950 519 1060 specialiter
537 926 747 1057 deputati,
760 945 836 1033 &c

128 1088 228 1179 277.
319 1070 558 1174 Antequam
577 1070 680 1150 verrl
707 1066 759 1150 ad
780 1063 924 1150 Thelia
948 1068 1014 1152 hu

231 1186 298 1295 jus
321 1181 621 1309 expositionem
634 1172 931 1291 procedamus,
949 1209 1014 1287 nn

232 1302 412 1390 ta'ndum
433 1297 494 1384 est
507 1327 624 1413 ,per
654 1295 811 1386 litteras
837 1298 1014 1410 Apostu

233 1423 326 1508 licas
348 1368 544 1532 intelligi,
574 1441 666 1528 quae
682 1445 756 1526 per
770 1422 934 1524 Ριιιιι,
950 1420 1013 1504 vel

234 1540 351 1625 Pam
370 1534 541 1623 nomine
561 1536 608 1623 in
632 1535 759 1622 Curia
785 1537 1011 1642 Romana-o

230 1655 520 1763 expediuntur.
574 1656 729 1742 Lezan.
757 1651 867 1740 Tom.
892 1681 934 1769 3
968 1654 1013 1745 V.

230 1773 406 1870 Littera,
416 1799 586 1858 num.r
601 1794 667 1857 ex
686 1765 871 1873 Graffi0,
890 1771 1013 1856 &fil

230 1887 323 1973 liuc.
363 1886 473 1968 Ex
448 1911 514 1969 ns
528 1887 612 1969 aliae
638 1888 836 1970 dicuntur
873 1890 1014 1988 Bulla,

230 2003 385 2115 quibus
404 2003 649 2115 plumbeum
668 2002 856 2115 Sigillum
868 2031 1014 2114 appen

230 2123 361 2220 ditur,
391 2119 474 2204 aliae
492 2119 659 2222 Brevia,
687 2143 781 2230 quae
798 2119 1015 2233 Sigillilce·

228 2232 305 2323 re&
323 2261 396 2343 per
411 2237 611 2319 annulum
632 2237 844 2322 Pilcatoris
861 2237 879 2351 (
894 2241 1033 2348 quud.

127 2350 134 2371 ⁶
228 2359 268 2441 S
284 2355 429 2438 Petrus
457 2351 509 2438 erl
533 2355 626 2438 usur
654 2347 767 2440 fuille
791 2356 1014 2475 credatur)

53 2498 57 2507 ·
204 2472 375 2628 *signari
398 2473 540 2558 solent

317 2589 416 2674 Aliis
437 2589 701 2678 divifionibus
728 2592 939 2697 ejusmodi
956 2597 1013 2680 lit·

226 2724 416 2790 terarum
433 2697 654 2810 ommissia,
685 2717 787 2816 pure*
814 2713 865 2793 ad
884 2713 1013 2799 inten-

230 2839 326 2904 tum
358 2821 549 2909 nostrum
581 2827 771 2931 quaedam
806 2831 1010 2936 agenda)

227 2957 352 3024 erunt
386 2940 438 3024 de
466 2941 611 3026 litteris
640 2943 768 3028 Sacrae
785 2945 1014 3032 ‘Poeniten-

226 3056 375 3161 tiariae,
404 3080 496 3165 quae
514 3058 638 3142 etiam
668 3060 777 3146 inter
806 3063 1014 3170 Apostoli·

224 3200 291 3258 eas
308 3175 465 3258 litteras
486 3195 777 3262 numerantur:
807 3181 1014 3288 srquidem

226 3288 268 3373 in
300 3291 426 3376 Guria
450 3290 688 3399 Ap'ostolica
712 3321 789 3404 per
820 3301 1015 3383 Cardina·

223 3408 305 3490 lem
333 3407 537 3511 Maiorem
552 3412 913 3499 Poenitentiarium
933 3421 1014 3500 vel

190 3631 194 3638 Ι
224 3525 289 3610 uti
315 3528 431 3613 Para
452 3522 682 3634 officialem
710 3535 1014 3728 expediungu,
