2130 4130
87 533 96 549 ·
149 490 717 599 DeDispmfationibrsApostolic.
732 514 819 619 ρει

92 661 173 750 pro
190 639 472 745 solicitudine,
499 640 540 726 dt
568 642 710 725 labore
738 643 874 754 Agen-

90 759 228 861 tium}
256 762 399 855 Romae
422 758 796 861 commorantium,
811 786 874 844 ex·
1016 808 1020 816 ·

89 871 251 981 solvere
277 903 362 961 non
385 878 589 978 valentes,
618 875 873 979 inconsolati,

89 1024 138 1082 ac
161 994 416 1103 conscientiae
444 994 629 1080 motibus
664 989 874 1098 concuffi,

90 1113 135 1198 in
155 1112 385 1220 periculoso
402 1108 512 1196 statu
528 1138 700 1201 manere
717 1138 872 1224 cogun-

89 1246 187 1334 tur,
214 1230 382 1318 &forte
402 1228 553 1343 (quod
569 1229 687 1338 pejus
702 1227 874 1341 estlfibi

90 1347 366 1456 persuadent,
390 1349 518 1434 Sacrae
548 1345 874 1434 Poenitentiariae

88 1464 315 1567 Tribunal,
345 1465 499 1576 aliquid
517 1465 618 1551 lucri
633 1492 713 1572 pro
722 1464 871 1550 litteris

90 1581 290 1691 praedictis
314 1582 524 1689 recipere,
552 1579 647 1667 'clun
669 1607 813 1666 revera
833 1581 873 1664 S.

89 1698 411 1785 Poenitentiariae
454 1694 659 1800 ministri,
699 1723 777 1785 nec
808 1694 873 1785 ati·

93 1813 227 1923 quid,
274 1815 464 1927 quamvis
502 1816 754 1918 minimum,
792 1840 873 1902 nec

90 1930 217 2016 etiam
234 1932 387 2040 sponte
408 1933 593 2020 oblatum
605 1955 794 2044 unquam
811 1960 872 2023 re·

89 2047 261 2156 cipiant,
289 2049 329 2135 &
358 2051 487 2161 gratis
514 2052 655 2138 omnia
682 2050 873 2135 exhiben-
900 2140 903 2151 ,
934 2118 937 2123 ,

89 2183 178 2267 ter,
207 2166 390 2279 singulos
408 2167 515 2253 adse
536 2182 799 2256 recurrentes
817 2165 871 2255 se·

88 2309 187 2370 rena
199 2283 339 2370 fronte
361 2282 698 2393 complectantur.
882 2352 885 2358 f

36 2456 38 2465 ·
177 2397 215 2512 §
232 2428 271 2506 4.
301 2401 446 2485 Tertid
459 2400 608 2484 accidit
628 2400 755 2485 etiarn
769 2421 872 2484 non·

88 2539 307 2623 nunquam
326 2540 400 2620 per
425 2513 774 2600 inadvertentiam
804 2539 872 2601 ex·
939 2524 942 2530 ’

89 2631 364 2737 ponentium,
393 2646 443 2714 ut
460 2629 599 2744 gratie
620 2627 734 2734 juxta
748 2655 874 2738 expo,

90 2749 165 2832 fita
187 2751 396 2852 obtentae,
426 2746 551 2836 irritae
567 2748 765 2850 evadant,
791 2749 870 2853 ed,

89 2864 315 2972 quiacasus
333 2864 710 2955 &circumstantias
735 2867 871 2954 neces·
970 2935 972 2939 ,

87 2983 205 3068 sarias
231 2984 462 3087 reticeant,
488 2986 603 3070 unde
634 2985 708 3086 fit,
751 2983 869 3091 qudd

88 3099 318 3185 litterarum
343 3117 585 3187 executores
610 3103 700 3187 casu
723 3097 869 3207 postea

88 3216 384 3325 poenitentium
409 3218 664 3322 examinato,
692 3244 784 3302 rem
802 3216 871 3319 all,

88 3336 208 3419 terse
234 3337 407 3436 habere,
436 3335 563 3443 quam
589 3332 864 3442 exprellums

85 3452 238 3555 fuerat,
267 3450 524 3562 comperiant
537 3520 549 3555 ,
564 3451 765 3564 &gratias
776 3452 873 3537 sub-

66 3569 302 3687 ‚reptitias,
330 3587 402 3667 aut
433 3571 674 3681 obreptitias
706 3564 783 3657 effe
808 3566 873 3657 im.

426 3691 508 3795 85
744 3712 838 3775 ue·
979 3696 986 3721 ¹
