2130 4130
520 123 522 131 v

244 577 283 655 de
304 579 391 656 Tuto
401 572 463 681 ufic
479 575 667 686 Rivilegii.
742 602 820 679 319
874 544 878 551 Ι
980 536 1027 657 ,ῃ

92 743 247 811 votum
269 719 472 826 emiffum,
486 718 589 806 &c.?
618 715 872 834 Laym.L1'b.
956 744 960 751 ’

94 872 133 931 1.
163 843 228 930 Tr.
247 869 285 928 2.
313 861 391 955 cap.
405 869 447 952 5.
478 866 587 927 num.
608 866 646 924 2.
688 835 873 925 Babenst.

98 941 165 1047 75.
183 988 221 1047 ι.
246 956 357 1083 Dtsp.
376 986 416 1071 3.
448 967 526 1043 art.
543 986 580 1043 1.
602 983 711 1043 num.
726 970 767 1058 8.
793 956 873 1040 Le-

89 1101 176 1159 zan.
207 1076 314 1165 Tom.
327 1103 367 1187 3⁴
400 1075 447 1162 V.
473 1065 672 1165 Dubium.
700 1102 809 1161 num.
832 1099 872 1160 2.
996 1094 1006 1111 ’

92 1193 151 1275 La
161 1197 231 1277 Cr.
250 1181 339 1279 Lib.
351 1221 388 1279 J.
401 1221 440 1277 n.
451 1215 521 1308 74
540 1193 756 1275 cumStoz.
769 1191 843 1279 &o
904 1234 914 1247 r

178 1309 254 1394 His
280 1305 490 1416 praemiffis
523 1327 569 1404 152.
603 1298 702 1394 υπὸ.
729 1308 771 1392 si
796 1307 978 1426 du·324,

87 1422 208 1511 bium
221 1428 271 1508 fit
289 1424 580 1532 posthumum,
609 1427 678 1508 seu
696 1425 874 1535 fisuper-

88 1543 229 1628 veniat
249 1541 344 1648 post
376 1545 676 1626 absolutionem
708 1562 780 1627 aut
816 1543 873 1626 di·

89 1661 390 1767 spensationem
412 1687 461 1744 ex
485 1659 705 1770 Privilegio
735 1661 874 1744 datam

88 1777 310 1861 secundom
344 1778 586 1862 sententiam
616 1779 874 1884 probabilem

89 1920 144 1976 eo
168 1897 258 1977 casu
287 1894 461 1979 dubium
497 1892 764 1993 rejiciendum
791 1893 873 1998 est,

90 2008 412 2096 &censendum
449 2008 659 2095 subfistere
695 2014 871 2097 omnino

88 2130 275 2211 valorem
293 2128 405 2211 fastae
435 2127 702 2208 absolutionis
728 2132 796 2210 vel
816 2128 873 2212 di·

87 2243 364 2350 spensationis.
442 2241 566 2324 Ratio
587 2240 673 2325 est:
703 2245 805 2351 quia
828 2243 874 2331 in

88 2358 219 2444 dubio
232 2357 565 2469 praesumendum
579 2357 638 2442 est
659 2384 739 2467 pro
760 2361 874 2445 valo·

85 2503 133 2562 re
159 2475 282 2561 atffis.
340 2479 399 2557 Ex
411 2496 491 2586 cap.
508 2466 674 2563 Abbate
696 2478 745 2564 de
774 2479 873 2567 Ver·

89 2582 317 2726 borfignff.
347 2592 402 2673 Et
416 2591 532 2674 decit}
562 2594 600 2673 S.
619 2595 739 2679 Rotae
759 2594 873 2702 apud

84 2708 242 2803 Thom.
260 2707 381 2808 Rosa,
409 2706 459 2793 de
484 2706 655 2797 Execut.
672 2711 794 2801 litter.
811 2713 873 2801 A·

79 2820 191 2948 post.¹
213 2825 323 2915 Part.
344 2855 381 2913 1.
404 2845 485 2941 cap.
499 2823 537 2914 6.
569 2854 678 2914 num.
698 2842 769 2939 58.
805 2828 872 2913 ld·

86 2962 170 3049 que
184 2970 284 3028 cum
305 2943 388 3026 aliis
412 2943 540 3028 tradit
553 2944 687 3029 Diana
708 2945 818 3034 Part.
831 2973 874 3060 3.

91 3060 158 3150 Tr.
178 3087 218 3173 3.
237 3059 358 3170 Reffil.
379 3058 448 3176 64
486 3063 630 3144 Tamb.
653 3060 697 3148 in
725 3065 873 3152 DecaL

86 3167 178 3264 Lo.
192 3206 229 3264 ι.
261 3196 341 3289 cap.
355 3204 395 3288 3.
418 3178 463 3286 6.
474 3202 516 3283 7.
535 3177 582 3264 V.
617 3172 873 3304 Dispensatio

87 3319 197 3380 num.
211 3318 253 3403 5.
284 3296 341 3374 La
351 3296 420 3376 Cr.
432 3284 521 3382 Lib.
540 3291 578 3380 6.
589 3292 699 3381 Part.
712 3321 753 3406 3.
762 3324 873 3384 num.
965 3357 967 3360 >

86 3408 187 3522 976.
218 3412 361 3494 Gobat
377 3409 450 3512 Tr.
474 3440 516 3525 9.
547 3437 656 3497 num.
687 3411 785 3511 682.
812 3413 873 3495 El-

87 3526 155 3607 bel
169 3524 279 3612 Part.
295 3552 336 3639 3.
364 3527 477 3640 Conf.
495 3552 563 3616 22.
578 3556 617 3615 n.
631 3550 730 3637 517.
760 3530 873 3614 Tum

87 3639 185 3749 quia
217 3641 278 3729 est
319 3642 510 3754 quodam
562 3641 749 3754 poffeffio
790 3673 871 3755 pro
1032 3690 1049 3791 4

704 3764 892 3869 tom„
1004 3804 1009 3811 ·
