2130 4130
146 458 222 550 158
390 439 501 549 capa
529 436 588 525 VI.

91 588 154 676 &e
175 594 221 673 P.
241 581 395 671 Potest.
416 613 525 673 num.
538 616 566 700 3
567 583 671 701 369.
701 580 857 697 siimpo

90 706 223 793 tentia
247 699 512 789 satisfaciendi
540 722 630 787 non
659 702 804 789 solima

74 824 286 932 praesens,
316 820 526 906 sedetiam
546 821 718 927 semper
735 816 808 907 fut

87 941 205 1025 certo
238 938 541 1047 praevideatur,
578 962 670 1023 non
698 936 756 1023 sat

89 1052 299 1171 exigenda,
313 1048 529 1167 promissio
555 1054 608 1137 de
627 1054 822 1169 satis—faci·

88 1176 157 1260 do.
729 1172 732 1177 ’

22 1314 82 1402 49.
176 1284 813 1403 Caeterimautemsatisfitfflop

86 1406 193 1520 exigi
212 1409 338 1494 debet
366 1399 480 1495 modi
513 1394 617 1494 disse*
637 1402 723 1493 sub
764 1438 835 1525 gra
875 1470 877 1475 -

85 1522 502 1627 onereconscientiae,
530 1518 607 1623 itt,
624 1541 676 1609 ut
710 1526 746 1611 fi

83 1638 259 1728 fossarius
283 1641 455 1727 scienter
475 1640 703 1727 omitteret
727 1672 758 1731 ,ο

87 1755 362 1864 requirere&
385 1756 437 1840 de
461 1785 509 1841 ea
531 1783 716 1845 monere

84 1888 273 1974 tentem,
288 1891 477 1980 peccaret
496 1872 757 1968 mortaliter.
835 1880 844 1899 '

82 1984 145 2074 est
164 1990 299 2102 gravis
320 1990 493 2073 materia
512 2018 588 2099 per
613 1994 775 2084 Sacros

23 2184 26 2189 ,
80 2098 215 2192 irones
251 2106 454 2216 requisita
523 2109 581 2190 La
612 2110 688 2195 Cr.
725 2100 849 2227 'Lim

79 2251 195 2311 num.
210 2224 305 2327 167.
322 2251 417 2306 cum
439 2222 587 2307 Dicast.
618 2226 744 2317 Item
762 2234 853 2321 Lea

75 2332 168 2431 Db.
179 2340 244 2426 cit.
261 2342 305 2427 P.
317 2337 474 2424 Potest.
491 2368 601 2427 num.
614 2370 644 2453 3
644 2344 713 2455 36
710 2378 764 2463 3.

166 2456 443 2543 Nihilominits
466 2484 556 2541 non
582 2456 641 2541 est
669 2462 853 2555 conditis

76 2572 132 2657 de
148 2573 368 2659 substantia
379 2579 448 2660 seu
461 2575 513 2659 de
540 2576 686 2663 valore
711 2580 856 2671 absoba

73 2690 223 2789 tionis,
254 2692 346 2773 cion
363 2692 404 2774 id
422 2694 535 2775 nullo
552 2684 642 2797 iure
655 2704 855 2809 exprim

75 2818 161 2887 tur.
218 2806 401 2920 ideoque
413 2806 545 2890 illicita
562 2806 775 2927 quidem,
805 2848 855 2907 vt

73 2920 158 3005 lida
192 2938 334 3007 tamen
369 2920 490 3007 fieret
520 2921 759 3039 absolutio,
791 2934 855 3025 ets

70 3064 162 3125 non
193 3039 508 3152 praeexigeretur
533 3042 758 3137 satisfactio
778 3082 856 3167 par

73 3156 218 3239 tilaese
240 3154 475 3265 praestanda
533 3161 595 3244 Ita
618 3170 855 3261 commun}

73 3289 142 3371 ter
160 3274 261 3357 DD.
273 3302 371 3359 cum
387 3273 554 3391 Sylvest.
570 3270 787 3381 &Novam
798 3318 854 3401 ap

74 3385 218 3475 tezen.
235 3390 300 3479 cit.
327 3395 436 3479 Item
459 3390 854 3501 Dicast&Busenh

72 3534 120 3595 ac
140 3506 295 3599 Potest.
314 3504 361 3615 L.
377 3510 442 3600 cit.

677 3632 813 3725 Rati,
