2130 4130
209 438 293 524 ³24
393 464 397 473 ,
460 417 648 522 Arrendix

158 565 327 664 biliore,
356 557 424 644 sed
456 561 633 646 omnino
667 558 950 669 amplectenda

161 681 223 774 est
247 681 290 769 in
313 677 426 789 praxi
447 695 601 781 tutior,
631 676 737 761 dum
768 677 864 762 fieri
887 705 950 787 po

154 797 256 890 test.
313 800 377 880 Ut
399 794 562 882 constat
592 823 641 881 ex
666 796 867 880 Decreto
895 799 950 880 lia

163 925 366 1007 Noomin
375 915 450 1000 XI.
465 911 701 1000 damnantis
715 915 951 1024 oppolitarn

165 1030 503 1152 propositionem
518 1049 632 1118 num.
644 1031 846 1138 primam.
893 1033 951 1115 De
995 1060 997 1073 ¹

74 1162 81 1171 ’
166 1176 257 1264 quo
276 1153 417 1258 plura,
446 1152 476 1232 fi
495 1151 610 1234 lubet
630 1147 729 1234 vide
751 1177 822 1258 ap.
841 1153 951 1234 laCr.

170 1262 262 1366 tib.
275 1268 313 1358 6.
332 1265 443 1355 Pare.
459 1295 497 1356 ι.
521 1291 741 1382 mandorp
767 1263 951 1354 -Babenst

174 1378 264 1487 Lab.
281 1385 347 1482 cit.
364 1395 444 1473 art.
454 1412 494 1498 3.
516 1376 545 1472 >a
562 1407 757 1500 num.14

173 1540 178 1557 ..
262 1504 377 1589 Hinc
409 1520 551 1587 tamen
579 1501 750 1608 excipe:
776 1500 856 1586 nifi
884 1499 955 1584 sen·

174 1624 309 1710 tentia
319 1619 573 1729 probabilior
584 1645 633 1703 ex
647 1616 956 1726 alioprincipio‚

175 1741 261 1824 five
279 1737 419 1825 exalia
438 1736 599 1824 ratione
619 1737 958 1846 superveniente,

175 1855 423 1960 novomque
461 1858 594 1936 robur
629 1855 858 1942 inducente
891 1855 961 1938 fiat

174 1967 451 2060 moraliter&
480 1967 654 2079 practice
683 1995 814 2060 certa:
855 1989 961 2053 tunc

86 2082 88 2086 ⁸
177 2089 291 2174 enim
310 2088 594 2193 probabilioris
610 2088 744 2176 licitus
758 2090 838 2175 erit
851 2090 963 2188 usus,

179 2202 269 2290 esto
291 2204 479 2310 alioquin
507 2205 642 2293 miniis
670 2227 779 2292 tutae.
851 2208 960 2289 lta)

177 2349 278 2409 cum
289 2321 411 2407 Card.
431 2324 550 2435 Lugo
579 2320 618 2406 &
641 2319 790 2410 Dicast.
807 2321 856 2408 P.
875 2327 962 2407 Go

178 2444 252 2526 bat
293 2440 358 2528 Tr.
377 2437 416 2528 6.
455 2469 564 2529 num.
590 2436 660 2550 51.
701 2443 760 2524 Ia
774 2443 846 2525 Cr.
877 2431 961 2528 Lib.

180 2557 246 2647 cit.
275 2584 384 2644 num.
414 2570 511 2658 108.
555 2558 701 2668 aliique
734 2558 963 2641 communi·

181 2691 258 2760 ter.
316 2673 436 2760 Ratio
451 2672 530 2759 est:
558 2678 655 2784 quia
672 2675 838 2760 moralis
852 2674 963 2759 certi·

180 2791 289 2875 rudo
314 2792 495 2876 excludit
512 2796 667 2878 morale
691 2791 965 2901 periculum:

184 2907 348 2997 artorio.
407 2909 519 2992 Tum
540 2907 636 3018 quia
657 2912 686 2994 fi
709 2939 791 2996 una
818 2911 965 3016 opinio

72 3053 82 3080 ·
185 3027 261 3116 fiat
290 3024 504 3114 moraliter
529 3047 660 3132 certa,
689 3029 757 3114 illi*
775 3030 966 3138 oppolita

182 3145 327 3232 evadit
364 3144 674 3249 improbabilis:
713 3167 756 3232 at
786 3172 876 3231 non
909 3141 967 3230 est

178 3261 386 3363 *obliratio
400 3262 513 3370 sequi
533 3263 877 3373 improbabilem,
894 3263 969 3348 etsi

179 3382 408 3483 tutiorem,
435 3376 575 3468 relat
584 3383 798 3470 moraliter
807 3376 937 3470 certi

775 3615 915 3697 Porro
