2146 3698
207 196 288 277 ’ψ
443 171 552 277 apat
581 169 663 258 VII.

159 316 245 415 suS,
261 311 327 396 vel
343 336 498 419 poenae,
521 315 750 417 tolluntur,
767 336 860 401 non
872 337 971 423 per·

160 428 481 532 absolutionem,
500 430 569 513 sed
585 430 950 539 dispenfitionem,

160 551 208 633 ut
227 548 383 631 docent
408 548 446 629 la
466 551 536 634 Cr.
554 539 644 637 Lib.
661 574 704 654 7.
721 548 945 666 num.461.

161 692 260 752 cum
286 660 440 749 Dicast.
471 667 625 771 Sporer
643 655 731 755 Lib.
751 665 821 753 cit.
845 692 946 753 cum

158 788 276 869 Suar.
311 780 350 865 dt
377 785 592 866 communi
617 784 720 870 DD.
742 807 847 896 ergo
869 804 945 891 pet

161 900 404 1005 oppofitum
431 922 569 1005 poenae
604 907 837 986 relaxantur
869 926 946 1010 pet

161 1013 473 1101 absolutionem.

56 1155 156 1247 163,
209 1125 214 1136 “
247 1135 390 1241 Atque
416 1136 502 1217 haec
528 1130 588 1216 est
609 1131 814 1239 praecipua
834 1130 946 1219 diffe-

161 1250 296 1339 tentia
322 1250 431 1335 inter
473 1251 775 1336 absolutionem
805 1249 846 1334 dt
888 1251 946 1336 di·

159 1368 483 1476 spensationem,
514 1369 654 1475 quod,
668 1366 874 1453 absolutio
896 1368 946 1455 fit

159 1482 361 1567 sententia
380 1481 576 1583 judicialis
590 1541 601 1577 ,
615 1487 832 1569 remittens
845 1484 946 1573 deii·
988 1560 990 1611 Ι

159 1599 275 1685 &um
288 1598 358 1681 uel
372 1623 561 1705 poenam,
584 1597 827 1706 dispensatio
842 1606 945 1691 veto

160 1718 212 1802 sit
233 1714 446 1823 exemptio
470 1717 520 1799 ab
544 1715 799 1828 obligatione
823 1721 947 1807 alicu·

159 1833 355 1943 juslegis,
383 1861 428 1920 v.
432 1865 473 1951 g.
492 1830 576 1941 qud
589 1835 837 1941 prohibetur
849 1836 947 1944 quis

80 1980 100 2015 ·-
158 1950 356 2059 suscipere
371 1950 575 2051 Ordines,
603 1952 670 2033 vel
685 1950 789 2032 inire
804 1953 951 2039 Mani.

159 2068 376 2170 monium,
390 2064 466 2154 &n
495 2067 554 2149 La
571 2070 642 2152 Cr.
653 2055 746 2152 Lib.
756 2089 798 2169 7.
822 2091 861 2151 n.
874 2092 951 2180 13.

220 2191 382 2271 Verum
400 2179 672 2292 quidem-est,
692 2181 808 2291 quud
834 2180 947 2267 inha-

161 2303 338 2389 bilitates
350 2301 496 2407 aliquae
524 2302 604 2385 sint
640 2327 744 2408 pura
775 2299 945 2405 impedi·

161 2434 305 2503 menta
315 2416 523 2520 ,adeoque
535 2414 660 2517 instar
677 2415 946 2524 irreguhrita·

156 2550 256 2614 tum
279 2529 461 2613 tollenda
482 2552 561 2632 per
580 2530 946 2636 dispensationem,

161 2647 209 2731 itt
227 2647 355 2731 tradit
376 2643 582 2757 Sigania
612 2646 774 2737 Botion.
805 2648 871 2736 Tr.
894 2650 944 2738 de

140 2758 289 2857 aaa.
309 2751 402 2850 dub.
424 2785 494 2879 97.
522 2761 566 2847 Si
580 2778 722 2849 tamen
745 2763 945 2871 principa·

88 2896 92 2911 '
160 2883 254 2968 liter
273 2882 317 2967 in
342 2877 663 2968 vindicationem
683 2880 818 2966 delini
839 2879 945 2967 infli-

161 3017 339 3113 gantur,
366 3000 462 3084 sunt
483 2999 942 3105 poenaeabsolutione..

160 3115 405 3225 reuxandae:
452 3114 501 3201 Id
533 3114 660 3199 etiam
689 3142 838 3200 vetum
860 3112 944 3221 est,

170 3232 279 3325 ‘add
302 3234 405 3349 sape
429 3232 605 3323 verbum
629 3222 944 3425 absolvengtgos
