2130 4130
80 496 83 503 ’
262 528 341 607 104
451 498 458 509 '
521 498 711 605 Caple.

209 644 355 735 cialem
389 640 628 729 facultatem
661 638 900 728 absolvendi
946 644 1000 725 ab

212 762 422 867 ejusmodi
436 763 611 862 cedibus,
635 761 823 866 adebque
838 758 891 843 ad
903 757 1000 840 illos

65 908 68 915 ·
213 879 490 969 remittendus
524 876 585 963 est
620 876 833 985 poenitens
875 872 1002 988 (nili

212 1013 361 1109 urgeat
385 995 563 1104 specialis
590 990 826 1097 necess'ttaS,
856 994 1002 1101 ne'que
1034 1000 1041 1099 ξ

213 1117 341 1203 talem
366 1140 532 1198 moram
559 1108 840 1220 permittens)
878 1110 1006 1219 fiqui-
1035 1114 1038 1153 ²

215 1233 314 1317 dem
339 1232 402 1315 lex
416 1227 701 1323 reservationis
726 1228 927 1313 servanda
943 1226 1006 1313 est

216 1347 420 1457 quantfim
439 1345 530 1431 fieri
544 1344 696 1454 potest.

119 1472 191 1573 96.
308 1463 441 1564 de
471 1463 501 1545 fi
527 1478 671 1546 autem
689 1460 907 1570 poenitens
929 1462 1008 1547 im-

215 1580 384 1693 peditus
402 1582 453 1664 fit
468 1580 581 1665 adire
599 1578 869 1689 personaliter
891 1581 1010 1669 Pon·

215 1702 397 1798 tificem‚
424 1699 493 1780 vel
505 1696 595 1791 eius
614 1695 1011 1803 Poenitentiarium,

215 1815 453 1924 Legatum,
483 1811 723 1915 Nuntium,
755 1813 830 1899 ἃς.
898 1812 1011 1903 Νοιι

216 1946 391 2018 tenetur
412 1932 463 2013 ad
491 1929 677 2040 ipsorum
699 1931 879 2039 aliquem
907 1934 1014 2021 mit·

216 2064 309 2134 tere
325 2048 504 2151 litteras,
519 2049 587 2141 vel
603 2047 914 2133 internuntium
933 2053 1015 2137 seu

216 2184 535 2277 procuratorem
552 2193 633 2278 pro
657 2166 922 2274 impetranda
940 2174 1016 2255 ab·

131 2326 137 2343 ·
216 2283 436 2373 solutione.
466 2282 577 2384 Qia
597 2283 640 2367 id
665 2286 780 2368 nullo
793 2283 886 2388 jure
904 2310 1013 2393 prae

216 2400 379 2509 cipitur.
439 2400 504 2485 Sic
522 2400 660 2485 Diana
676 2401 785 2488 Part.
803 2428 869 2490 tt.
896 2410 957 2488 tr.
970 2428 1011 2507 7.

216 2518 324 2626 restd.
345 2545 382 2603 2.
440 2518 638 2606 Tambur.
661 2511 748 2607 Lib.
776 2546 816 2631 5.
845 2518 897 2602 de
925 2520 1014 2609 Sa-

217 2658 337 2721 cram.
355 2655 435 2747 cap.
450 2660 487 2717 2.
510 2636 554 2738 §-
571 2664 608 2720 2.
638 2640 792 2743 Sporer
813 2634 877 2722 cit.
891 2666 1014 2725 num.

216 2772 250 2852 7
250 2770 319 2855 50.
335 2774 435 2829 cum
454 2751 679 2833 communi.
736 2755 843 2834 Item
869 2753 908 2836 la
932 2758 1013 2843 Cr.

220 2860 1013 2983 num.162o.cumnicast.&castrop.

219 2977 329 3063 Item
348 2981 391 3065 P.
411 2977 565 3067 Potest.
585 3011 694 3071 num.
712 3015 740 3098 3
741 3010 839 3102 344.

123 3102 194 3187 97·
309 3098 443 3185 Porrb
481 3097 778 3207 impedimenta
818 3102 1012 3214 legitima

220 3212 402 3301 adeundi
435 3216 684 3303 Pontificem
709 3224 837 3305 multa
863 3247 915 3306 ex
937 3252 1014 3311 va·

220 3331 291 3417 riis
320 3330 418 3428 iuris
449 3337 651 3422 Canonici
683 3339 783 3422 locis
816 3342 1011 3429 recenset

219 3450 403 3535 verfibus
425 3457 736 3565 comprehensa,
766 3454 937 3571 Sylvest.
955 3462 1010 3554 V,

216 3556 436 3685 Absplutio.
478 3572 523 3659 P.
552 3572 712 3687 lllsung.
740 3575 789 3664 de
813 3570 1008 3779 Stpcram.

882 3716 942 3777 (Β,
