2130 4130
250 466 330 555 256
509 452 686 559 eam
857 516 861 523 .

198 630 328 712 opera
355 598 409 685 ad
441 621 536 709 quae
563 599 726 687 aliunde
759 598 834 685 sub
869 598 993 710 gravi

199 716 454 835 obligatione
479 738 657 805 tenetur.
716 717 832 825 Qia
859 716 905 803 id
926 745 989 803 ce.-

118 938 122 947 ,
200 845 320 928 deret
343 838 387 923 in
405 840 631 921 notabilem
663 834 813 921 Divini
847 832 985 921 cultio

198 950 637 1067 jalluram,P.Potest.
650 982 758 1042 num.
776 984 800 1042 1
804 984 834 1070 ρ
835 980 909 1069 34.
937 977 983 1039 ex

202 1079 347 1164 Gobat
367 1073 502 1156 dicens
521 1071 564 1156 id
585 1092 758 1157 certum
815 1074 932 1155 Item
950 1072 982 1155 le

202 1201 273 1282 Cr.
292 1215 390 1276 mox
408 1189 476 1275 cit.
488 1212 587 1272 cum
606 1185 768 1292 Lessio,
784 1185 861 1273 &c.

99 1323 157 1401 26
160 1339 195 1416 3.
291 1307 440 1394 Subdit
453 1306 500 1390 P.
518 1304 673 1390 Potest.
690 1303 915 1393 consultius
932 1306 978 1391 el

197 1433 257 1532 se,
284 1450 334 1515 ut
348 1422 490 1508 omnia
510 1440 615 1508 vota
636 1424 678 1509 in
695 1424 982 1534 frequentiam.

198 1552 562 1633 sacramentorum
575 1541 875 1629 cofilutentur:
888 1540 974 1649 quia
1006 1556 1010 1693 4

199 1668 293 1749 sunt
320 1662 474 1747 ceteris
493 1660 694 1769 operibus
725 1658 903 1744 meliora
927 1655 973 1743 ad
1008 1718 1010 1743 .

198 1776 425 1867 utilitatem
440 1777 690 1885 spiritualem
708 1777 919 1865 voveam
1007 1764 1010 1849 ἵ

283 1895 372 1979 Alia
385 1896 579 2003 Exempla
592 1895 969 1980 commutationum

197 2012 331 2100 videri
367 2006 533 2120 possunt
569 2008 679 2119 apud
717 2009 970 2097 Thomam:

194 2122 390 2214 Tambur.
406 2130 451 2236 tl.
474 2129 515 2218 ό.
543 2121 574 2216 21
597 2152 706 2215 num.
720 2158 787 2219 ιι.
826 2133 972 2239 Sporer

194 2238 348 2335 lnam.
369 2244 465 2332 126.
494 2242 649 2333 Potest.
680 2236 832 2333 lnam.
847 2242 972 2359 1936.

193 2366 364 2451 Lohner
394 2355 577 2488 hyllarii.
590 2384 632 2475 5.
669 2354 871 2479 Januffov.
889 2362 972 2450 Al

194 2484 265 2571 dit.
287 2508 327 2594 3.
338 2498 431 2597 pag.
448 2476 547 2566 mihi
563 2478 663 2590 506.

88 2616 187 2715 264,
279 2600 472 2682 Formula
488 2602 619 2706 porro
644 2594 697 2683 ad
716 2614 971 2684 commutan-

194 2716 297 2799 dum
324 2731 427 2800 vota
443 2714 657 2822 fimplicia,
680 2742 726 2803 ‘u⁴
740 2746 780 2833 g.
805 2716 971 2813 alicuius

190 2830 556 2943 peregrinationis,
593 2827 840 2935 hujusmodi
869 2833 970 2920 est:

189 2977 267 3060 per
314 2946 616 3036 Confelllrriurn
661 2946 972 3062 Privilegiatum

187 3069 439 3179 usurpanda,
466 3063 617 3179 &post
641 3068 895 3154 ordinariam
906 3072 973 3153 ab*

187 3188 440 3273 solutionem
467 3188 490 3272 ὲ
524 3184 703 3294 peccatis
726 3184 974 3299 subiungen-

188 3305 259 3390 da:
288 3306 410 3407 Item,
428 3299 974 3431 AurhnirateApostoliw

187 3420 522 3550 mibispecialiter
541 3424 765 3543 delegata,
792 3412 870 3511 tibi
899 3452 975 3512 vo-

186 3550 276 3629 tum
290 3540 647 3661 peregrinationis,
663 3543 774 3659 quod
789 3536 976 3675 enufistr',

618 3682 623 3689 ·
876 3686 923 3741 m
