2130 4130
134 605 193 687 De
209 596 519 706 Dispenfiztionibus
529 599 709 704 Apostolin
738 534 821 705 31‘5·
854 523 863 544 ⁸
904 678 908 687 ,
993 546 995 551 ⁴

173 747 295 832 Ratio
312 749 414 831 vero
444 746 534 830 talis
564 749 757 856 praecepti
785 741 970 848 assi-320.

86 864 274 979 gnatura
295 865 392 949 DD.
407 891 460 947 ne
490 861 698 966 ejusmodi
719 865 867 954 litterae

86 986 211 1066 ullam
225 979 518 1089 probationem
538 982 688 1065 faciant
706 981 749 1065 in
770 981 866 1062 soro

87 1121 282 1201 externo,
312 1098 355 1181 in
369 1119 456 1206 quo
479 1125 557 1182 nec
575 1100 684 1201 vult,
700 1125 777 1182 nee
793 1123 869 1205 po-

86 1213 167 1302 test
190 1215 414 1321 dispensare
427 1215 792 1299 S.Poenitentiaria.
813 1217 867 1298 Et

87 1333 184 1417 hinc
203 1332 433 1415 cavendum
454 1330 513 1415 est
533 1334 586 1416 sic
613 1331 869 1442 dispensato,

88 1478 142 1533 ne
163 1449 376 1556 publicum
388 1449 624 1533 fiateorum
637 1447 870 1559 praecedens

88 1567 450 1672 impedimentum.
486 1566 595 1650 Nam
611 1569 641 1649 s1
658 1566 869 1676 publicum

89 1686 229 1786 fieret,
258 1681 451 1787 &Judex
479 1685 546 1768 vel
573 1679 867 1769 Ecclefiasticus

88 1800 156 1885 vel
178 1800 369 1884 secularis
400 1798 607 1885 astionem
631 1817 870 1885 moveret:

89 1934 236 2001 contra
261 1943 334 2000 eos
362 1918 591 2030 conjuges,
621 1921 686 2001 vel
721 1943 869 2002 eorun-

90 2035 187 2117 dem
212 2036 351 2140 proles
389 2051 586 2141 tanquam
616 2035 871 2143 illegitimae,

88 2151 332 2256 dispensatio
358 2149 421 2231 ilia
437 2153 480 2235 in
498 2150 593 2229 foro
610 2168 785 2233 externo
810 2147 872 2229 ni-

89 2268 148 2354 hil
164 2266 338 2369 juvaret.
369 2266 427 2345 La
446 2268 517 2348 Cr.
541 2291 649 2352 num.
659 2265 758 2385 964.
774 2290 873 2349 cum

82 2380 290 2468 Gobat&
312 2381 487 2466 Krimer.
544 2383 687 2490 Atque
702 2380 873 2490 amplios

89 2498 207 2583 Reiff.
237 2524 346 2580 num.
372 2511 471 2609 480.
498 2523 546 2579 ex
568 2500 784 2583 communi
815 2497 871 2582 di·

91 2638 210 2711 cena,
243 2609 507 2696 Ordinarium
523 2614 574 2696 ad
592 2614 782 2700 evitanda
797 2640 873 2722 pu·

90 2731 193 2815 blica
213 2726 392 2812 scandala
419 2729 569 2813 debere
597 2733 651 2814 fic
677 2726 872 2839 'dispensa-

91 2864 159 2931 tos
174 2843 376 2956 conjuges
396 2847 603 2955 separare,
630 2847 703 2932 &n
751 2851 871 2935 Secia

93 2962 154 3049 est
176 2964 279 3047 dum
304 2963 549 3071 dispensatio
581 2971 603 3052 a
628 2971 666 3052 S.
680 2968 787 3052 Sede
806 2968 871 3053 da·

90 3101 164 3166 tur
175 3081 303 3186 etiam
320 3084 459 3188 quoad
476 3084 614 3169 forum
633 3101 873 3188 extemum‚

90 3226 138 3285 v.
152 3229 194 3318 g.
210 3223 285 3304 per
307 3198 544 3304 Dataniam‚
573 3204 674 3286 tun'e
685 3198 795 3283 enim
814 3225 875 3284 re-

91 3339 142 3398 us
174 3341 261 3400 non
293 3314 432 3421 potest
455 3322 513 3404 ob
543 3318 655 3403 idem
678 3316 873 3401 denatum

92 3437 144 3518 ab
166 3433 245 3517 alio
266 3429 400 3532 judice
420 3436 547 3519 etiam
565 3433 737 3519 seculari
759 3433 874 3542 puni-

93 3549 140 3633 ri.
197 3552 241 3636 P.
256 3552 511 3637 Leonardelli
532 3553 576 3640 in
602 3552 733 3663 Decist
743 3546 875 3638 Pras).

82 3666 184 3776 ,casta
199 3694 270 3787 40.
299 3697 407 3758 num.
429 3696 525 3782 250.
566 3695 666 3755 cum
690 3693 873 3796 commu-

314 3839 316 3842 >
780 3808 850 3868 nm
